@InBook{LaTeX2004,
	author = {Helmut Kopka a Patrick W. Daly},
	title = {LaTeX kompletní prúvodce},
	publisher = {Computer Press},
	year = {2004},
	edition = {1},
	ISBN = {80-7226-973-9},
}
@InBook{Rybicka2003,
	author = {Jiří RYBIČKA},
	title = {LaTeX pro začátečníky},
	chapter = {Základní informace},
	publisher = {Konvoj},
	address = {Brno},
	year = {2003},
	edition = {3},
	ISBN = {80-7302-049-1},
}
@Article{Oksuz2008,
	author = {Ozcan OKSÜZ and Uğur GÜDÜKBAY and A. Enis ÇETIN},
	title = {A video-based text and equation editor for LaTeX},
	journal = {Engineering Applications of Artificial Intelligence},
	volume = {21},
	number = {6},
	pages = {952\,--\,960},
	year = {2008},
	ISSN = {0952-1976},
}
@Article{Olsak2014,
	author = {Petr OLŠÁK},
	title = {TeX pro pragmatiky},
	journal = {Zpravodaj Československého sdružení uživatelů TeXu},
	volume = {24},
	number = {1\,--\,4},
	pages = {29\,--\,45},
	year = {2014},
	ISSN = {1211-6661},
}
@Article{CazarezCastro2012,
	author = {Nohe R. CAZAREZ-CASTRO and Luis T. AGUILAR and Oscar CASTILLO},
	title = {Designing Type-1 and Type-2 Fuzzy Logic Controllers via Fuzzy Lyapunov Synthesis for
		nonsmooth mechanical systems},
	journal = {Engineering Applications of Artificial Intelligence},
	volume = {25},
	number = {5},
	pages = {971\,--\,979},
	year = {2012},
	ISSN = {0952-1976},
}
@Misc{WORDvsLATEX,
	author = {John D. Cook},
	title = {Contrasting Microsoft Word and LaTeX},
	howpublished = {[online]},
	year = {rev. 03. April 2008},
	note = {[vid. 2018-04-14]},
	url = {https://www.johndcook.com/blog/2008/04/03/microsoft-word-and-latex/},
}
@Misc{LearnLATEX,
    author = {Sharelatex team},
    title = {Learn latex online},
    howpublished = {[online]},
    year = {[rev. 14. April 2018 ]},
    note = {[vid. 2018-04-14]},
    url = {https://www.sharelatex.com/learn},
}
@Misc{IsLatexForMe,
    author = {Andy Roberts},
    title = {LaTeX isn't for everyone but it could be for you},
    howpublished = {[online]},
    year = {[rev. 06. June 2005 ]},
    note = {[vid. 2018-04-14]},
    url = {http://www.osnews.com/story/10766},
}
@MastersThesis{Hasik2017,
	author = {Peter Hasík},
	title = {Využitie typografického systému LaTeX na úpravu súborov pomocou tried},
	school = {Univerzita sv. Cyrila a Metoda v Trnave FPV UCM KAI},
	year = {2017},
	type = {Bakalárska práca},
}
@MastersThesis{Simovic2015,
	author = {Radovan Šimovič},
	title = {Editor tabuliek pre systém LaTeX},
	school = {Univerzita Konštantína Filozofa v Nitre FPV UKF KI},
	year = {2015},
	type = {Diplomová práca},
}